@misc{Isa14,
      title={Stable stems}, 
      author={Daniel C. Isaksen},
      year={2014},
      eprint={1407.8418},
      archivePrefix={arXiv},  
}

@article{Rav76,
  title={The structure of $BP_*BP$ modulo an invariant prime ideal},
  author={Ravenel, Douglas C},
  journal={Topology},
  volume={15},
  number={2},
  pages={149--153},
  year={1976},
  publisher={Elsevier}
}

@book{HPS97,
  title={Axiomatic stable homotopy theory},
  author={Hovey, Mark and Palmieri, John Harold and Strickland, Neil P},
  volume={610},
  year={1997},
  publisher={American Mathematical Soc.}
}

@techreport{Haz71,
  title={Constructing Formal Groups I. Over $\mathbb{Z}_{(p)}$-algebras.},
  author={Hazewinkel, Michiel},
  year={1971}
}

@article{BP66,
  title={A spectrum whose Zp cohomology is the algebra of reduced pth powers},
  author={Brown Jr, Edgar H and Peterson, Franklin P},
  journal={Topology},
  volume={5},
  number={2},
  pages={149--154},
  year={1966},
  publisher={Elsevier}
}

@article{DI10,
  title={The motivic Adams spectral sequence},
  author={Dugger, Daniel and Isaksen, Daniel C},
  journal={Geometry \& Topology},
  volume={14},
  number={2},
  pages={967--1014},
  year={2010},
  publisher={Mathematical Sciences Publishers}
}

@article{HKO11,
  title={Remarks on motivic homotopy theory over algebraically closed fields},
  author={Hu, Po and Kriz, Igor and Ormsby, Kyle},
  journal={Journal of K-Theory},
  volume={7},
  number={1},
  pages={55--89},
  year={2011},
  publisher={Cambridge University Press}
}

@book{Isa19,
  title={Stable stems},
  author={Isaksen, Daniel},
  volume={262},
  number={1269},
  year={2019},
  publisher={American mathematical society}
}

@book{Mar83,
  title={Spectra and the Steenrod algebra},
  author={Margolis, Harvey},
  year={1983},
  publisher={Elsevier}
}

@article{Bou79,
  title={The localization of spectra with respect to homology},
  author={Bousfield, Aldridge K},
  journal={Topology},
  volume={18},
  number={4},
  pages={257--281},
  year={1979}
}

@misc{Man21,
      title={Localizations and completions of stable $\infty$-categories}, 
      author={Lorenzo Mantovani},
      year={2021},
      eprint={2105.02285},
      archivePrefix={arXiv},
      primaryClass={math.CT}
}

@misc{BHS20,
      title={Galois reconstruction of Artin-Tate $\mathbb{R}$-motivic spectra}, 
      author={Robert Burklund and Jeremy Hahn and Andrew Senger},
      year={2020},
      eprint={2010.10325},
      archivePrefix={arXiv},
      primaryClass={math.AT}
}

@article{MV99,
  title={$A^{1}$-homotopy theory of schemes},
  author={Morel, Fabien and Voevodsky, Vladimir},
  journal={Publications Math{\'e}matiques de l'IH{\'E}S},
  volume={90},
  pages={45--143},
  year={1999}
}

@book{Pal01,
  title={Stable homotopy over the Steenrod algebra},
  author={Palmieri, John},
  volume={716},
  year={2001},
  publisher={American Mathematical Soc.}
}

@article{Bur20,
   title={An extension in the Adams spectral sequence in dimension 54},
   volume={53},
   url={http://dx.doi.org/10.1112/blms.12428},
   number={2},
   journal={Bulletin of the London Mathematical Society},
   publisher={Wiley},
   author={Burklund, Robert},
   year={2020},
   pages={404â€“407}
}

@ARTICLE{IWX,
       author = {{Isaksen}, Daniel C. and {Wang}, Guozhen and {Xu}, Zhouli},
        title = "{Stable homotopy groups of spheres: From dimension 0 to 90}",
      journal = {arXiv e-prints},
     keywords = {Mathematics - Algebraic Topology, 14F42, 55Q45, 55S10, 55T15 (Primary), 16T05, 55P42, 55Q10, 55S30 (Secondary)},
         year = 2020,
        month = jan,
          eid = {arXiv:2001.04511},
        pages = {arXiv:2001.04511},
          doi = {10.48550/arXiv.2001.04511},
archivePrefix = {arXiv},
       eprint = {2001.04511},
 primaryClass = {math.AT},
       adsurl = {https://ui.adsabs.harvard.edu/abs/2020arXiv200104511I},
      adsnote = {Provided by the SAO/NASA Astrophysics Data System}
}


@misc{aNSS,
  author       = {Isaksen, Daniel C. and
                  Wang, Guozhen and
                  Xu, Zhouli},
  title        = {{Classical algebraic Novikov charts and C-motivic 
                   Adams charts for the cofiber of tau}},
  month        = aug,
  year         = 2022,
  publisher    = {Zenodo},
  doi          = {10.5281/zenodo.6987227},
  url          = {https://doi.org/10.5281/zenodo.6987227}
}


@misc{Gre21,
  doi = {10.48550/ARXIV.2111.15212},
  url = {https://arxiv.org/abs/2111.15212},
  author = {Gregoric, Rok},
  keywords = {Algebraic Topology (math.AT), Algebraic Geometry (math.AG), FOS: Mathematics, FOS: Mathematics, 55N22, 14F42, 14A30},
  title = {Moduli stack of oriented formal groups and cellular motivic spectra over $\mathbf C$},
  publisher = {arXiv},
  year = {2021},
  copyright = {arXiv.org perpetual, non-exclusive license}
}


@article{Pst22,
  title={Synthetic spectra and the cellular motivic category},
  author={Pstr{\k{a}}gowski, Piotr},
  journal={Inventiones mathematicae},
  pages={1--129},
  year={2022},
  publisher={Springer}
}

@article{GWX21,
      title={The special fiber of the motivic deformation of the stable homotopy category is algebraic}, 
      author={Bogdan Gheorghe and Guozhen Wang and Zhouli Xu},
      year={2021},
      journal={Acta Mathematica},
      volume={226, No. 2},
      pages={319-407}     
}

@misc{BHS19,
      title={On the boundaries of highly connected, almost closed manifolds}, 
      author={Robert Burklund and Jeremy Hahn and Andrew Senger},
      year={2019},
      eprint={1910.14116},
      archivePrefix={arXiv},   
}

@book {BR21,
    AUTHOR = {Bruner, Robert R. and Rognes, John},
     TITLE = {The {A}dams spectral sequence for topological modular forms},
    SERIES = {Mathematical Surveys and Monographs},
    VOLUME = {253},
 PUBLISHER = {American Mathematical Society, Providence, RI},
      YEAR = {2021},
     PAGES = {690},
   MRCLASS = {55N34 (18G40 55P43 55Q45 55T15)},
  MRNUMBER = {4284897},
}

@article {SI67,
    AUTHOR = {Shimada, Nobuo and Iwai, Akira},
     TITLE = {On the cohomology of some {H}opf algebras},
   JOURNAL = {Nagoya Math. J.},
  FJOURNAL = {Nagoya Mathematical Journal},
    VOLUME = {30},
      YEAR = {1967},
     PAGES = {103-111},
   MRCLASS = {18.20 (55.00)},
  MRNUMBER = {215896},
MRREVIEWER = {A. Liulevicius},
       URL = {http://projecteuclid.org/euclid.nmj/1118796803},
}

@book {DFHH14,
     LABEL = {DFHH},
     TITLE = {Topological modular forms},
    SERIES = {Mathematical Surveys and Monographs},
    VOLUME = {201},
    EDITOR = {Douglas, Christopher L. and Francis, John and Henriques, Andr\'{e}
              G. and Hill, Michael A.},
 PUBLISHER = {American Mathematical Society, Providence, RI},
      YEAR = {2014},
     PAGES = {xxxii-318},
     URL = {https://doi.org/10.1090/surv/201},
}

@article {Moss70,
    AUTHOR = {Moss, R. Michael F.},
     TITLE = {Secondary compositions and the {A}dams spectral sequence},
   JOURNAL = {Math. Z.},
  FJOURNAL = {Mathematische Zeitschrift},
    VOLUME = {115},
      YEAR = {1970},
     PAGES = {283--310},
      ISSN = {0025-5874},
   MRCLASS = {55.52},
  MRNUMBER = {266216},
MRREVIEWER = {J. P. May},
       DOI = {10.1007/BF01129978},
       URL = {https://doi.org/10.1007/BF01129978},
}

@software{CCB21,
  author       = {Dexter Chua and
                  Hood Chatham and
                  Joey Beauvais-Feisthauer},
  title        = {SpectralSequences/sseq: v0.0.1},
  month        = may,
  year         = 2021,
  publisher    = {Zenodo},
  version      = {v0.0.1},
  url          = {https://doi.org/10.5281/zenodo.4766472}
}

@article {Hov04,
    AUTHOR = {Hovey, Mark},
     title = {Homotopy theory of comodules over a Hopf algebroid},
   JOURNAL = {Contemp. Math.},
    VOLUME = {346},
      YEAR = {2004},
     PAGES = {261-304},
      PUBLISHER = {American Mathematical Society, Providence, RI}
}

@book{Rav86,
  title={Complex cobordism and stable homotopy groups of spheres},
  author={Ravenel, Douglas C},
  year={2003},
  publisher={American Mathematical Soc.}
}

@article{Ghe18,
  title={The Motivic Cofiber of $\tau$},
  author={Gheorghe, Bogdan},
  journal={Documenta Mathematica},
  volume={23},
  pages={1077--1127},
  year={2018}
}

@misc{BX23,
      title={The Adams differentials on the classes $h_j^3$}, 
      author={Robert Burklund and Zhouli Xu},
      year={2023},
      eprint={2302.11869},
      archivePrefix={arXiv},
      primaryClass={math.AT}
}

@article{Mil81,
  title={On relations between Adams spectral sequences, with an application to the stable homotopy of a Moore space},
  author={Miller, Haynes R},
  journal={Journal of Pure and Applied Algebra},
  volume={20},
  number={3},
  pages={287--312},
  year={1981},
  publisher={North-Holland}
}

@Article{Bel20,
 Author = {Belmont, Eva},
 Title = {A {Cartan}-{Eilenberg} spectral sequence for non-normal extensions},
 FJournal = {Journal of Pure and Applied Algebra},
 Journal = {J. Pure Appl. Algebra},
 ISSN = {0022-4049},
 Volume = {224},
 Number = {4},
 Pages = {21},
 Note = {Id/No 106216},
 Year = {2020},
 Language = {English},
 DOI = {10.1016/j.jpaa.2019.106216},
 Keywords = {18G40,55T15},
 zbMATH = {7125517},
 Zbl = {1428.18015}
}

@Article{GWX,
 Author = {Gheorghe, Bogdan and Wang, Guozhen and Xu, Zhouli},
 Title = {The special fiber of the motivic deformation of the stable homotopy category is algebraic},
 FJournal = {Acta Mathematica},
 Journal = {Acta Math.},
 ISSN = {0001-5962},
 Volume = {226},
 Number = {2},
 Pages = {319--407},
 Year = {2021},
 Language = {English},
 DOI = {10.4310/ACTA.2021.v226.n2.a2},
 Keywords = {55Q45,55T15,14F42},
 zbMATH = {7378147},
 Zbl = {1478.55006}
}

@ARTICLE{IWX20,
       author = {{Isaksen}, Daniel C. and {Wang}, Guozhen and {Xu}, Zhouli},
        title = "{Stable homotopy groups of spheres}",
      journal = {Proceedings of the National Academy of Science},
     keywords = {Mathematics - Algebraic Topology, Primary 55Q45, Secondary 14F42, 55T15},
         year = 2020,
        month = oct,
       volume = {117},
       number = {40},
        pages = {24757-24763},
          doi = {10.1073/pnas.2012335117},
archivePrefix = {arXiv},
       eprint = {2001.04247},
 primaryClass = {math.AT},
       adsurl = {https://ui.adsabs.harvard.edu/abs/2020PNAS..11724757I},
      adsnote = {Provided by the SAO/NASA Astrophysics Data System}
}

@Article{GIKR18,
    label={GIKR},
 Author = {Gheorghe, Bogdan and Isaksen, Daniel C. and Krause, Achim and Ricka, Nicolas},
 Title = {{{\(\mathbb{C}\)}}-motivic modular forms},
 FJournal = {Journal of the European Mathematical Society (JEMS)},
 Journal = {J. Eur. Math. Soc. (JEMS)},
 ISSN = {1435-9855},
 Volume = {24},
 Number = {10},
 Pages = {3597--3628},
 Year = {2022},
 Language = {English},
 DOI = {10.4171/JEMS/1171},
 Keywords = {14F42,55N34,55S10,55Q45,55T15},
 zbMATH = {7547822}
}

@ARTICLE{Pst,
       author = {{Pstr{\k{a}}gowski}, Piotr},
        title = "{Synthetic spectra and the cellular motivic category}",
      journal = {arXiv e-prints},
     keywords = {Mathematics - Algebraic Topology, Mathematics - Algebraic Geometry},
         year = 2018,
        month = mar,
          eid = {arXiv:1803.01804},
        pages = {arXiv:1803.01804},
archivePrefix = {arXiv},
       eprint = {1803.01804},
 primaryClass = {math.AT},
       adsurl = {https://ui.adsabs.harvard.edu/abs/2018arXiv180301804P},
      adsnote = {Provided by the SAO/NASA Astrophysics Data System}
}

@ARTICLE{Patch,
       author = {{Patchkoria}, Irakli and {Pstr{\k{a}}gowski}, Piotr},
        title = "{Adams spectral sequences and Franke's algebraicity conjecture}",
      journal = {arXiv e-prints},
     keywords = {Mathematics - Algebraic Topology, Mathematics - Category Theory, Mathematics - K-Theory and Homology},
         year = 2021,
        month = oct,
          eid = {arXiv:2110.03669},
        pages = {arXiv:2110.03669},
archivePrefix = {arXiv},
       eprint = {2110.03669},
 primaryClass = {math.AT},
       adsurl = {https://ui.adsabs.harvard.edu/abs/2021arXiv211003669P},
      adsnote = {Provided by the SAO/NASA Astrophysics Data System}
}

@Book{tmf,
 Author = {Bruner, Robert R. and Rognes, John},
 Title = {The {Adams} spectral sequence for topological modular forms},
 FSeries = {Mathematical Surveys and Monographs},
 Series = {Math. Surv. Monogr.},
 ISSN = {0076-5376},
 Volume = {253},
 Year = {2021},
 Publisher = {Providence, RI: American Mathematical Society (AMS)},
 Language = {English},
 DOI = {10.1090/surv/253},
 Keywords = {55-02,55T15,55N34},
 zbMATH = {7351378},
 Zbl = {1486.55001}
}

@misc{Bur22,
      title={Multiplicative structures on Moore spectra}, 
      author={Robert Burklund},
      year={2022},
      eprint={2203.14787},
      archivePrefix={arXiv},
      primaryClass={math.AT}
}

@phdthesis{Hed20,
  author  = "Alice Hedenlund",
  title   = "Multiplicative Tate Spectral Sequences",
  school  = "University of Oslo",
  year    = "2020"
}

@book{HTT,
  title     = "Higher Topos Theory",
  author    = "Jacob Lurie",
  year      = 2009,
  publisher = "Princeton University Press",
  note      = {\url{https://www.math.ias.edu/~lurie/papers/HTT.pdf}}
}

@book{HA,
  title     = "Higher Algebra",
  author    = "Jacob Lurie",
  year      = 2017,
  note      = {\url{https://www.math.ias.edu/~lurie/papers/HA.pdf}}
}

@misc{IKLYZ23,
      title={The $\mathbb C$-motivic Adams-Novikov spectral sequence for topological modular forms}, 
      author={Daniel C. Isaksen and Hana Jia Kong and Guchuan Li and Yangyang Ruan and Heyi Zhu},
      year={2023},
      eprint={2302.09123},
      archivePrefix={arXiv},
      primaryClass={math.AT}
}

@article {wang,
    AUTHOR = {Wang, Guozhen},
     TITLE = {Computations of the {A}dams-{N}ovikov {$E_2$}-term},
   JOURNAL = {Chinese Ann. Math. Ser. B},
  FJOURNAL = {Chinese Annals of Mathematics. Series B},
    VOLUME = {42},
      YEAR = {2021},
    NUMBER = {4},
     PAGES = {551--560},
      ISSN = {0252-9599,1860-6261},
   MRCLASS = {55T15 (55Q45)},
  MRNUMBER = {4289191},
MRREVIEWER = {Xiangjun\ Wang},
       DOI = {10.1007/s11401-021-0277-2},
       URL = {https://doi.org/10.1007/s11401-021-0277-2},
}

@incollection {bob,
    AUTHOR = {Bruner, Robert R.},
     TITLE = {{${\rm Ext}$} in the nineties},
 BOOKTITLE = {Algebraic topology ({O}axtepec, 1991)},
    SERIES = {Contemp. Math.},
    VOLUME = {146},
     PAGES = {71--90},
 PUBLISHER = {Amer. Math. Soc., Providence, RI},
      YEAR = {1993},
      ISBN = {0-8218-5162-4},
   MRCLASS = {55T15 (55Q45 55S10)},
  MRNUMBER = {1224908},
       DOI = {10.1090/conm/146/01216},
       URL = {https://doi.org/10.1090/conm/146/01216},
}

@book{EKMM,
    label={EKMM},
	address = {Providence, RI},
	author = {Elmendorf, A. D. and Kriz, I. and Mandell, M. A. and May, J. P.},
	isbn = {0-8218-0638-6},
	mrclass = {55N20 (19D10 19D55 55P42 55T25)},
	mrnumber = {97h:55006},
	mrreviewer = {Donald M. Davis},
	note = {With an appendix by M. Cole},
	pages = {xii+249},
	publisher = {American Mathematical Society},
	series = {Mathematical Surveys and Monographs},
	title = {Rings, modules, and algebras in stable homotopy theory},
	volume = {47},
	year = {1997}}

@misc{AKBBK23,
      title={A deformation of Borel equivariant homotopy}, 
      author={Gabriel Angelini-Knoll and Mark Behrens and Eva Belmont and Hana Jia Kong},
      year={2023},
      eprint={2308.01873},
      archivePrefix={arXiv},
      primaryClass={math.AT}
}

@misc{CD24,
      title={A synthetic approach to detecting $v_1$-periodic families}, 
      author={Christian Carrick and Jack Morgan Davies},
      year={2024},
      eprint={2401.16508},
      archivePrefix={arXiv},
      primaryClass={math.AT}
}

@misc{glasman16,
      title={Day convolution for infinity-categories}, 
      author={Saul Glasman},
      year={2016},
      eprint={1308.4940},
      archivePrefix={arXiv},
      primaryClass={math.CT}
}

@misc{Law24,
      title={Synthetic spectra are (usually) cellular}, 
      author={Tyler Lawson},
      year={2024},
      eprint={2402.03257},
      archivePrefix={arXiv},
      primaryClass={math.AT}
}